@Article{evd,
    title = {evd: Extreme Value Distributions},
    author = {A. G. Stephenson},
    journal = {R News},
    year = {2002},
    volume = {2},
    number = {2},
    pages = {0},
    month = {June},
    url = {https://CRAN.R-project.org/doc/Rnews/},
}

@article{Smith1987,
	doi = {10.2307/2347795},
	url = {https://doi.org/10.2307/2347795},
	year  = {1987},
	publisher = {{JSTOR}},
	volume = {36},
	number = {3},
	pages = {358},
	author = {Richard L. Smith and J. C. Naylor},
	title = {A Comparison of Maximum Likelihood and Bayesian Estimators for the Three- Parameter Weibull Distribution},
	journal = {Applied Statistics}
}

@Manual{evdbayes,
  title = {A Userâ€™s Guide to the evdbayes Package (Version 1.1)},
  author = {Stephenson, A. G. and Ribatet, M. A.},
  year = {2006},
  month = {April},
  url = {http://cran.r-project.org/}
}
